2754 4462
285 190 377 295 406
582 181 617 259 L
687 178 708 262 1
770 179 814 261 B·
905 180 999 264 XII.

227 297 461 415 obliquavit
495 326 627 409 equos,
657 289 764 410 longo
792 290 941 409 perlata
970 322 1098 383 terrore

103 506 107 513 ,
226 422 404 533 Ttanfiit
436 416 539 523 balla
568 416 656 497 duos
679 477 692 520 ,
712 415 872 526 ficiebat
903 410 1063 502 vulnera
1095 445 1163 499 ncc
1196 447 1275 502 non
1373 492 1375 505 ,

223 542 367 629 Tertia
388 593 400 639 ,
425 537 497 647 sed
528 537 647 618 medio
679 531 803 647 cuspis
832 560 979 618 temone
1009 563 1163 621 retenta
1196 540 1311 649 ιβ(

222 659 299 747 Sed
322 652 446 768 solum
478 657 606 754 votis,
628 651 756 765 solum
783 645 945 739 clamore
965 650 1170 767 fremendo

220 779 407 868 Omnibus
438 778 477 854 in
510 775 671 876 turmis,
698 797 877 888 optatque
907 800 1090 888 vocatque
1123 766 1332 867 Creonta,

220 909 358 1011 Atque
386 895 482 977 hune
508 891 662 1004 divcrsa
692 886 871 975 bellorum
903 893 943 975 in
964 893 1102 1003 fronte
1150 897 1330 1012 maniplos

220 1024 452 1104 Haerentem
483 1013 594 1095 ainis
615 1071 627 1110 ,
640 1005 866 1135 frustraque
897 1039 1067 1094 extrema
1115 1016 1329 1100 minantem

217 1136 444 1247 Conjpieit:
472 1128 674 1244 abscedunt
705 1131 882 1234 comites,
913 1131 963 1215 <5⁴
993 1132 1152 1242 Theseo
1176 1132 1276 1249 juffi

216 1254 494 1365 Linquebant,
514 1242 693 1363 stetique
723 1244 826 1352 deis,
857 1250 1117 1365 atque-ipfius
1163 1254 1314 1338 ao·mis.'

217 1374 293 1462 Ille
324 1398 454 1473 terret,
484 1397 712 1481 revocatque
728 1373 844 1479 suos,
875 1396 993 1483 utque
1023 1403 1134 1482 aqua
1166 1373 1317 1457 notavit

217 1497 322 1580 Hinc
354 1522 469 1603 atque
500 1486 589 1572 bine
620 1487 724 1570 odia:
755 1514 923 1577 extrema
942 1487 993 1601 se
1023 1484 1181 1605 colligit
1212 1493 1299 1598 ito,

207 1618 244 1722 J
248 1645 307 1693 om
339 1603 481 1696 letbale
502 1606 665 1721 furens,
696 1631 809 1719 atque
838 1605 962 1691 audon
992 1633 1115 1691 morto
1143 1604 1315 1720 futuru:

214 1737 302 1815 Non
334 1761 416 1811 eum
447 1720 661 1839 peltifett'i,
691 1726 781 1829 ait,
811 1723 888 1810 bac
913 1727 989 1810 tibi
1013 1749 1145 1845 pugna
1166 1725 1316 1843 puellis,
1373 1741 1377 1759 ⁴

215 1849 418 1956 Virginem
449 1874 516 1926 nee
546 1844 652 1933 crede
683 1871 848 1945 manus,
879 1841 952 1924 bic'
969 1846 1090 1929 cruda.
1114 1847 1285 1931 virorum
1374 1942 1377 1963 1

212 1965 387 2069 Proelia,
417 1991 480 2043 nos
512 1989 685 2073 maguum
718 1961 786 2071 qui
807 1961 1311 2080 Tydea‚quiquefureutetn
1374 2060 1377 2071 ⁴

212 2078 521 2196 Hippomedonta
553 2081 658 2179 ueri,
691 2087 941 2195 Capaneaque
970 2085 1140 2198 mifionus
1171 2086 1307 2171 umbris

215 2210 407 2301 Polluta,
439 2232 519 2309 que
551 2194 691 2280 bellum
717 2221 878 2313 preceps
907 2205 1078 2286 amentia
1098 2200 1229 2318 suafit

212 2313 411 2437 improbe?
442 2347 562 2399 noune
592 2318 701 2398 vides
732 2349 820 2427 quos
851 2316 1030 2430 ulciscare
1054 2324 1256 2428 jacentes?
1371 2350 1377 2399 t

209 2445 274 2524 Sic
307 2441 388 2546 ait,
418 2435 466 2518 θ
488 2431 634 2545 frustra
661 2439 873 2548 periturum
904 2440 1043 2554 miffile
1063 2440 1216 2549 summo

208 2559 368 2669 Adfixit
400 2549 525 2669 clypeo
543 2587 558 2637 .·
590 2554 700 2666 rifle,
730 2553 934 2669 vocesque,
967 2589 1199 2672 manumque

207 2676 395 2762 Horridus
426 2672 590 2785 AEgides
608 2732 620 2773 ,
640 2666 868 2783 ferrataque
899 2675 1044 2767 arbore,
1063 2685 1227 2796 ¹magnos

206 2792 376 2882 Molatur
402 2796 550 2895 janus,
580 2822 646 2871 uec
678 2820 749 2868 uon
777 2792 882 2903 prius
913 2826 973 2876 ore
994 2796 1166 2909 superbo

205 2924 390 3002 Intonat:
403 2906 598 3024 Argolici,
631 2907 766 3017 quibus
784 2907 859 2991 bae
876 2911 989 2996 datur
1008 2915 1134 3028 bestia
1146 2979 1158 3023 ,
1170 2954 1298 3030 manet,
1376 2962 1377 2966 ’

202 3036 370 3119 Pandite
403 3033 632 3112 Tartareum
658 3024 798 3132 cbaos,
821 3028 1048 3144 ultimosque
1072 3060 1215 3151 parate

203 3151 458 3254 Eumenidas,
488 3148 601 3230 veuit
632 3150 874 3234 ecceCrcou:
896 3152 954 3264 fic
969 3148 1115 3265 fatus,
1140 3160 1293 3250 &auras
